2966 4912
504 1361 904 1446 PRAEFATIO.

224 1583 320 1675 Quae
344 1613 375 1673 in
397 1613 488 1693 primi
510 1613 748 1694 llonographiae
772 1613 961 1676 llellceurum
986 1615 1147 1677 voluminis
1170 1635 1259 1696 pran-

134 1731 248 1793 lationa
264 1731 348 1792 tstt
364 1734 545 1794 annuntiavi
561 1730 771 1796 additamenta
786 1743 818 1796 et
831 1734 1064 1815 supplementa,
1086 1753 1169 1796 nunc
1184 1737 1261 1812 Tibi,

136 1849 286 1911 benevole
307 1855 431 1928 Lector,
455 1851 564 1931 oll'ero,
587 1851 653 1933 pari
676 1851 768 1914 modo
790 1871 827 1914 ac
848 1853 879 1914 in
900 1851 952 1914 illo
975 1851 1053 1914 libro
1075 1853 1241 1916 elaborata.

222 1973 329 2050 Hagno
352 1979 400 2031 est
421 1971 512 2050 copia
538 1973 714 2052 specierum
743 1971 935 2054 temporibus
964 1971 1182 2034 recentissimis
1205 1973 1260 2034 de-

137 2097 304 2166 tentarum,
321 2107 378 2151 nec
393 2107 454 2150 non
471 2088 620 2152 librorum
637 2093 785 2172 nuperius
801 2089 954 2153 editorum
969 2123 1010 2136 -
1026 2108 1124 2152 novae
1138 2093 1261 2170 species

138 2217 169 2267 et
189 2207 259 2268 illae
288 2211 426 2272 anterius
453 2209 629 2292 descriptae
657 2209 794 2272 iconibus
821 2209 1008 2291 insignibus,
1036 2211 1260 2290 praesertima

137 2325 179 2388 Cl.
205 2327 298 2389 llcwe
326 2339 358 2390 et
386 2327 552 2410 Dcsdoyes,
578 2329 750 2392 illustratae
777 2337 912 2392 sunt-
939 2329 1052 2390 multae
1081 2329 1204 2410 speeies
1231 2331 1260 2390 in

138 2447 356 2528 llonograpbia
378 2449 466 2527 signo
492 2451 558 2526 «ts»
582 2457 705 2510 notatae
724 2465 806 2510 nune
821 2447 961 2508 exactius
977 2445 1051 2508 mihi
1067 2447 1262 2509 innotuerunt

139 2597 175 2610 -
201 2566 315 2627 multae
341 2567 463 2646 species
490 2585 559 2628 cum
589 2567 655 2628 aliis
679 2567 804 2644 junctae
838 2576 869 2628 et
893 2561 1066 2628 secundum
1095 2565 1261 2644 prioritatis

139 2684 222 2764 leges
245 2685 371 2746 mutatis
392 2685 568 2748 nominibus
587 2683 768 2766 designatae
782 2693 856 2746 sunt
878 2717 919 2728 -
943 2699 1039 2766 quare
1054 2703 1182 2746 necesse
1198 2687 1260 2762 luit,

137 2822 245 2864 omnes
261 2805 381 2883 species
396 2805 479 2866 serie
501 2803 677 2878 emendata,
702 2803 873 2866 intersertis
889 2802 1148 2884 descriptionibus
1164 2805 1260 2880 novis,

137 2925 246 2982 iterum
270 2923 455 2984 enumerari.

222 3039 395 3102 lletbodum
418 3041 604 3103 artificialem
628 3041 719 3102 etiam
742 3041 800 3102 boc
825 3052 981 3122 tempore,
1011 3057 1072 3120 quo
1093 3049 1260 3120 systemata

137 3161 286 3222 naturalia
315 3179 371 3240 pro
399 3157 576 3221 ordinandis
603 3159 732 3222 lleliceis
759 3179 776 3220 a
798 3159 938 3240 pluribus
966 3157 1057 3219 claris
1083 3161 1260 3220 auctoribus

138 3281 292 3359 proposita
315 3289 400 3353 sunt,
424 3275 611 3340 servandam
626 3293 697 3340 csse
712 3279 833 3358 putavi,
856 3289 891 3342 ut
906 3297 945 3340 ex
961 3277 1097 3340 clavibus
1112 3297 1259 3356 generum

137 3399 319 3478 praemissis
349 3395 487 3476 singulae
513 3398 634 3477 species
662 3415 719 3458 sno
747 3395 815 3458 locu
843 3396 931 3458 facilc
960 3397 1090 3458 inveniri
1123 3404 1259 3475 possent,

137 3515 220 3598 quod
243 3514 397 3577 methodis
420 3515 623 3592 naturalibus,
646 3514 809 3576 affinitates
826 3514 1051 3596 physiologicas
1067 3513 1165 3572 solum
1189 3531 1260 3594 spe-

136 3633 305 3712 ctantibus,
328 3633 465 3696 nondum
487 3635 640 3713 perficere
660 3633 786 3712 contigit
807 3633 904 3708 (Cani.
928 3631 990 3714 Pfr.
1011 3629 1116 3710 Symb.
1133 3629 1173 3692 ad
1190 3631 1259 3692 bist.

136 3753 226 3814 llelic.
242 3754 286 3814 lll.
304 3771 334 3833 p.
351 3753 405 3828 3.).
417 3787 460 3797 -
482 3753 657 3834 systemate
672 3753 856 3828 anatomico,
880 3749 963 3830 quod
988 3749 1103 3829 pariter
1125 3750 1259 3830 plurium

136 3881 294 3934 auctorum
318 3869 430 3932 studiis
452 3869 672 3947 eonnectitur,
695 3867 751 3930 sed
768 3869 924 3930 minimam
942 3878 1060 3950 partem
1083 3869 1258 3948 specierum

135 3991 326 4070 cognitarum
342 3989 502 4070 bucusque
518 3987 769 4068 comprehendit,
791 3986 900 4047 eadem
917 3989 1033 4050 ratione
1051 3989 1093 4048 uti
1110 4007 1170 4050 non
1186 3987 1258 4048 mihi

135 4109 227 4171 licerit
270 4107 470 4189 Sperandum
486 4115 586 4168 autem
604 4115 664 4180 est,
686 4123 723 4166 ax
740 4103 787 4164 bis
803 4105 945 4164 omnibus
964 4103 1074 4166 studiis
1088 4105 1258 4183 conjunctis

136 4237 268 4307 systema
293 4246 365 4288 mox
388 4223 550 4287 oriundum
574 4243 659 4300 osse,
690 4221 773 4302 quod
803 4221 949 4282 scientiae
972 4231 1099 4284 exactae
1122 4220 1258 4303 postula-

135 4345 267 4407 tionibus
289 4360 460 4424 congruum
482 4340 603 4402 evadat
